%! Author = Equipo
%! Date = 4/17/2023
@manual{Boix,
    title = {Práctica 4: MEDIDA DEL CAMPO MAGNÉTICO DE BOBINAS DE HELMHOLTZ Y DEL CAMPO MAGNÉTICO TERRESTRE},
    author = {Rafael R. Boix and Alberto Pérez Izquierdo and Francisco Medina}
}
@manual{UGR,
  title = {Prácticas de física para geólogos},
  organization = {Universidad de Granada},
  note = {Recuperado el 19/04/2023}
}
@misc{NOAA,
  title = {Compute Earth's Magnetic Field Values},
  howpublished = {\url{https://www.ngdc.noaa.gov/geomag/calculators/magcalc.shtml}},
  note = {Recuperado el 19/04/2023}
}